@Comment{$ biblatex control file $}
@Comment{$ biblatex bcf format version 3.10 $}
% Do not modify this file!
%
% This is an auxiliary file used by the 'biblatex' package.
% This file may safely be deleted. It will be recreated as
% required.

@Control{biblatex-control,
  options = {3.10:0:0:1:0:1:1:0:0:0:0:1:3:1:3:1:0:0:3:1:79:+:+:nty},
}

@inproceedings{zhangrecommendation,
  title={Recommendation over a heterogeneous social network},
  author={Zhang, Jing and Tang, Jie and Liang, Bangyong and Yang, Zi and Wang, Sijie and Zuo, Jingjing and Li, Juanzi},
  booktitle={Web-Age Information Management, 2008. WAIM'08. The Ninth International Conference on},
  pages={309--316},
  year={2008},
  organization={IEEE}
}